<record><leader>00000cas a22000007a 4500</leader><controlfield tag="001">10587019</controlfield><controlfield tag="008">840403d18741877fluwr ne      0    0eng d</controlfield><datafield ind1=" " ind2=" " tag="010"><subfield code="a">sn 84022769 </subfield></datafield><datafield ind1=" " ind2=" " tag="040"><subfield code="a">NPX</subfield><subfield code="b">eng</subfield><subfield code="c">NPX</subfield><subfield code="d">FUG</subfield><subfield code="d">OCLCQ</subfield></datafield><datafield ind1=" " ind2=" " tag="042"><subfield code="a">msc</subfield></datafield><datafield ind1=" " ind2=" " tag="043"><subfield code="a">n-us-fl</subfield></datafield><datafield ind1="0" ind2="4" tag="245"><subfield code="a">The Jacksonville weekly press.</subfield></datafield><datafield ind1=" " ind2=" " tag="260"><subfield code="a">Jacksonville, Fla. :</subfield><subfield code="b">[McCallum &amp; Douglas]</subfield></datafield><datafield ind1=" " ind2=" " tag="300"><subfield code="a">v.</subfield></datafield><datafield ind1=" " ind2=" " tag="310"><subfield code="a">Weekly</subfield></datafield><datafield ind1="1" ind2=" " tag="362"><subfield code="a">Began in 1874; ceased in 1877.</subfield><subfield code="z">Cf. Gold, P.D. Hist. of Duval Co. ...</subfield></datafield><datafield ind1=" " ind2=" " tag="500"><subfield code="a">Editors: H.B. McCallum, W.H. Babcock, &lt;1876&gt;.</subfield></datafield><datafield ind1=" " ind2=" " tag="588"><subfield code="a">Description based on: Vol. 2, no. 10 (July 11, 1876).</subfield></datafield><datafield ind1="1" ind2=" " tag="700"><subfield code="a">McCallum, H. B.</subfield></datafield><datafield ind1="1" ind2=" " tag="700"><subfield code="a">Babcock, W. H.</subfield></datafield><datafield ind1=" " ind2=" " tag="752"><subfield code="a">United States</subfield><subfield code="b">Florida</subfield><subfield code="c">Duval</subfield><subfield code="d">Jacksonville.</subfield></datafield><datafield ind1="0" ind2="7" tag="785"><subfield code="t">Weekly Florida sun</subfield></datafield><datafield ind1="0" ind2="7" tag="785"><subfield code="t">Weekly sun and press</subfield><subfield code="w">(DLC)sn 83016254</subfield><subfield code="w">(OCoLC)2704620</subfield></datafield></record>